@misc{inv:short,
	author = "Investopedia",
	title = "Short (or {S}hort {P}osition) Definition | {I}nvestopedia",
	howpublished = "\url{http://www.investopedia.com/terms/s/short.asp}",
	note = "[Online; accessed 18 {F}ebruary 2013]"
}

@misc{inv:stop,
	author = "Investopedia",
	title = "Stop Order Definition | {I}nvestopedia",
	howpublished = "\url{http://www.investopedia.com/terms/s/stoporder.asp}",
	note = "[Online; accessed 22 {F}ebruary 2013]"
}

@misc{inv:limit,
	author = "Investopedia",
	title = "Limit Order Definition | {I}nvestopedia",
	howpublished = "\url{http://www.investopedia.com/terms/l/limitorder.asp}",
	note = "[Online; accessed 22 {F}ebrauary 2013]"
}

@misc{inv:bidask,
	author = "Investopedia",
	title = "Bid-Ask Spread | {I}nvestopedia",
	howpublished = "\url{http://www.investopedia.com/terms/b/bid-askspread.asp}",
	note = "[Online; accessed 23 {F}ebruary 2013]"
}

@misc{wiki:restful,
	author = "Wikipedia",
	title = "Representational state transfer - {W}ikipedia, the free encyclopedia",
	howpublished = "\url{http://en.wikipedia.org/wiki/Representational_state_transfer}",
	note = "[Online; accessed 3 {M}arch 2013]"
}

@misc{wiki:orm,
	author = "Wikipedia",
	title = "Object relational mapper - {W}ikipedia, the free encyclopedia",
	howpublished = "\url{http://en.wikipedia.org/wiki/Object_relational_mapper}",
	note = "[Online; accessed 3 {M}arch 2013]"
}

@misc{gummy,
	author = "Peter Ponzo",
	title = "Yahoo data download",
	year = "2004",
	howpublished = "\url{www.gummy-stuff.org/Yahoo-data.htm}",
	note = "[Online; accessed 3 {M}arch 2013]"
}

@misc{action:mailer,
	author = "{Rails Guides}",
	title = "Ruby on Rails Guides: Action Mailer Basics",
	howpublished = "\url{guides.rubyonrails.org/action_mailer_basics.html}",
	note = "[Online; accessed 3 {M}arch 2013]"
}

@misc{wiki:mvc,
	author = "Wikipedia",
	title = "Model-view-controller - {W}ikipedia, the free encyclopedia",
	howpublished = "\url{http://en.wikipedia.org/wiki/Model-view-controller}",
	note = "[Online; accessed 10 {M}arch 2013]"
}

@misc{wiki:rdb,
	author = "Wikipedia",
	title = "Relational database - {W}ikipedia, the free encyclopedia",
	howpublished = "\url{http://en.wikipedia.org/wiki/Relational_database}",
	note = "[Online; accessed 10 {M}arch 2013]"
}

@misc{wiki:nosql,
	author = "Wikipedia",
	title = "{NoSQL} - {W}ikipedia, the free encyclopedia",
	howpublished = "\url{http://en.wikipedia.org/wiki/NoSQL}",
	note = "[Online; accessed 10 {M}arch 2013]"
}

@misc{so:railsmem,
	author = "Dennis Collective",
	title = "How much memory should a Ruby on Rails application consume? - {S}tack {O}verflow",
	howpublished = "\url{http://stackoverflow.com/questions/2971812/how-much-memory-should-a-ruby-on-rails-application-consume}",
	note = "[Online; accessed 10 {M}arch 2013]"
}

@misc{wiki:tdd,
	author = "{W}ikipedia",
	title = "Test-driven development - {W}ikipedia, the free encyclopdia",
	howpublished = "\url{en.wikipedia.org/wiki/Test_driven_development}",
	note = "[Online; accessed 12 {M}arch 2013]"
}

@misc{guides:routing,
	author = "{Rails Guides}",
	title = "Ruby on Rails Guides: Rails Routing from the Outside In",
	howpublished = "\url{guides.rubyonrails.org/routing.html}",
	note = "[Online; accessed 13 {M}arch 2013]"
}

@misc{wiki:modern,
  author = "Wikipedia",
  title = "Modernizr",
	howpublished = "\url{http://en.wikipedia.org/wiki/Modernizr}",
	note = "[Online; accessed 16 {M}arch 2013]"
}

@book{marsic,
	author = "Ivan Marsic",
	title = {{S}oftware {E}ngineering},
	publisher = {Ivan Marsic},
	year = 2012,
	address = {New Brunswick, USA}
}
